@misc{tgax2019draft,
	author="TGax",
	title="{IEEE P802.11ax/D4.0}",
	year="2019",
	pages="1-682"
}

@article{bellalta2016ieee,
	title="{IEEE 802.11 ax: High-efficiency WLANs}",
	author="Bellalta, Boris",
	journal="IEEE Wireless Communications",
	volume="23",
	number="1",
	pages="38--46",
	year="2016",
	publisher="IEEE"
}

@article{mori2014performance,
	title="{Performance Analysis of BSS Color and DSC}",
	author="Mori, Masahito and others",
	journal="Nov",
	volume="3",
	pages="11--14",
	year="2014"
}

@inproceedings{selinis2016evaluation,
	title="{Evaluation of the DSC algorithm and the BSS color scheme in dense cellular-like {IEEE} 802.11 ax deployments}",
	author="Selinis, Ioannis and Filo, Marcin and Vahid, Seiamak and Rodriguez, Jonathan and Tafazolli, Rahim",
	booktitle="Personal, Indoor, and Mobile Radio Communications (PIMRC), 2016 IEEE 27th Annual International Symposium on",
	pages="1--7",
	year="2016",
	organization="IEEE"
}

@inproceedings{selinis2017exploiting,
	title="{Exploiting the Capture Effect on DSC and BSS Color in Dense IEEE 802.11 ax Deployments}",
	author="Selinis, Ioannis and Katsaros, Konstantinos and Vahid, Seiamak and Tafazolli, Rahim",
	booktitle="Proceedings of the Workshop on ns-3",
	pages="47--54",
	year="2017",
	organization="ACM"
}

@misc{tgax2016obss_pd_evaluation,
	author="Fischer, Matthew",
	title="{Simulation-based evaluation of OBSS PD based SR default parameters, doc.: IEEE 802.11-16/1161r1}",
	year="September 2016"
}

@article{smith2015dynamic,
	title="{Dynamic sensitivity control-v2}",
	author="Smith, G",
	journal="IEEE",
	volume="802",
	pages="802--11",
	year="2015"
}

@inproceedings{tang2011improving,
	title="{Improving throughput of wireless LANs with transmit power control and slotted channel access}",
	author="Tang, Suhua and Hasegawa, Akio and Nagareda, Riichiro and Kitaura, Akito and Shibata, Tatsuo and Obana, Sadao",
	booktitle="Personal Indoor and Mobile Radio Communications (PIMRC), 2011 IEEE 22nd International Symposium on",
	pages="834--838",
	year="2011",
	organization="IEEE"
}

@article{li2011achieving,
	title="{Achieving proportional fairness via AP power control in multi-rate WLANs}",
	author="Li, Wei and Cui, Yong and Cheng, Xiuzhen and Al-Rodhaan, Mznah A and Al-Dhelaan, Abdullah",
	journal="IEEE Transactions on Wireless Communications",
	volume="10",
	number="11",
	pages="3784--3792",
	year="2011",
	publisher="IEEE"
}

@article{chevillat2005dynamic,
	title="{Dynamic data rate and transmit power adjustment in IEEE 802.11 wireless LANs}",
	author="Chevillat, Pierre and Jelitto, Jens and Truong, Hong Linh",
	journal="International Journal of Wireless Information Networks",
	volume="12",
	number="3",
	pages="123--145",
	year="2005",
	publisher="Springer"
}

@inproceedings{nakahira2014centralized,
	title="{Centralized control of carrier sense threshold and channel bandwidth in high-density WLANs}",
	author="Nakahira, Toshiro and Ishihara, Koichi and Asai, Yusuke and Takatori, Yasushi and Kudo, Riichi and Mizoguchi, Masato",
	booktitle="Microwave Conference (APMC), 2014 Asia-Pacific",
	pages="570--572",
	year="2014",
	organization="IEEE"
}

@inproceedings{afaqui2015evaluation,
	title="{Evaluation of dynamic sensitivity control algorithm for IEEE 802.11 ax}",
	author="Afaqui, M Shahwaiz and Garcia-Villegas, Eduard and Lopez-Aguilera, Elena and Smith, Graham and Camps, Daniel",
	booktitle="Wireless Communications and Networking Conference (WCNC), 2015 IEEE",
	pages="1060--1065",
	year="2015",
	organization="IEEE"
}

@inproceedings{kulkarni2015taming,
	title="{Taming the densification challenge in next generation wireless LANs: An investigation into the use of dynamic sensitivity control}",
	author="Kulkarni, Parag and Cao, Fengming",
	booktitle="Wireless and Mobile Computing, Networking and Communications (WiMob), 2015 IEEE 11th International Conference on",
	pages="860--867",
	year="2015",
	organization="IEEE"
}

@article{jamil2016novel,
	title="{Novel learning-based spatial reuse optimization in dense WLAN deployments}",
	author="Jamil, Imad and Cariou, Laurent and H{\'e}lard, Jean-Fran"\c"c"ois",
	journal="EURASIP Journal on Wireless Communications and Networking",
	volume="2016",
	number="1",
	pages="184",
	year="2016",
	publisher="SpringerOpen"
}

@inproceedings{afaqui2016dynamic,
	title="{Dynamic sensitivity control of access points for IEEE 802.11 ax}",
	author="Afaqui, M Shahwaiz and Garcia-Villegas, Eduard and Lopez-Aguilera, Elena and Camps-Mur, Daniel",
	booktitle="Communications (ICC), 2016 IEEE International Conference on",
	pages="1--7",
	year="2016",
	organization="IEEE"
}

@article{wilhelmi2019collaborative,
	title="{Collaborative spatial reuse in wireless networks via selfish multi-armed bandits}",
	author="Wilhelmi, Francesc and Cano, Cristina and Neu, Gergely and Bellalta, Boris and Jonsson, Anders and Barrachina-Mu{\~n}oz, Sergio",
	journal="Ad Hoc Networks",
	volume="88",
	pages="129--141",
	year="2019",
	publisher="Elsevier"
}

@incollection{bellalta2014throughput,
	title="{Throughput analysis in CSMA/CA networks using continuous time Markov networks: a tutorial}",
	author="Bellalta, Boris and Zocca, Alessandro and Cano, Cristina and Checco, Alessandro and Barcelo, Jaume and Vinel, Alexey",
	booktitle="Wireless Networking for Moving Objects",
	pages="115--133",
	year="2014",
	publisher="Springer"
}

@article{wilhelmi2019potential,
	title="{Potential and pitfalls of multi-armed bandits for decentralized spatial reuse in WLANs}",
	author="Wilhelmi, Francesc and Barrachina-Mu{\~n}oz, Sergio and Bellalta, Boris and Cano, Cristina and Jonsson, Anders and Neu, Gergely",
	journal="Journal of Network and Computer Applications",
	volume="127",
	pages="26--42",
	year="2019",
	publisher="Elsevier"
}

@inproceedings{zhou2005balancing,
	title="{Balancing the hidden and exposed node problems with power control in CSMA/CA-based wireless networks}",
	author="Zhou, Yihong and Nettles, Scott M",
	booktitle="Wireless Communications and Networking Conference, 2005 IEEE",
	volume="2",
	pages="683--688",
	year="2005",
	organization="IEEE"
}

@article{rhode2017whitepaper,
	title="{1MA222: IEEE 802.11ax Technology Introduction}",
	author="Lisa Ward",
	journal="Rhode \& Schwarz. White paper 10.2016 - 1MA222\_0e",
	year="2017"
}

@article{afaqui2016ieee,
	title="{IEEE 802.11 ax: Challenges and requirements for future high efficiency WiFi}",
	author="Afaqui, M Shahwaiz and Villegas, EG and Aguilera, EL",
	journal="IEEE Wireless Communications",
	volume="99",
	pages="2--9",
	year="2016"
}

@article{qu2018survey,
	title="{Survey and Performance Evaluation of the Upcoming Next Generation WLAN Standard-IEEE 802.11 ax}",
	author="Qu, Qiao and Li, Bo and Yang, Mao and Yan, Zhongjiang and Yang, Annan and Yu, Jian and Gan, Ming and Li, Yunbo and Yang, Xun and Aboul-Magd, Osama and others",
	journal="arXiv preprint arXiv:1806.05908",
	year="2018"
}

@article{bellalta2017throughput,
	title="{Throughput Analysis in High Density WLANs}",
	author="Bellalta, Boris",
	journal="IEEE Communications Letters",
	volume="21",
	number="3",
	pages="592--595",
	year="2017",
	publisher="IEEE"
}

@article{barrachina2019overlap,
	title="{To overlap or not to overlap: Enabling channel bonding in high-density WLANs}",
	author="Barrachina-Mu{\~n}oz, Sergio and Wilhelmi, Francesc and Bellalta, Boris",
	journal="Computer Networks",
	volume="152",
	pages="40--53",
	year="2019",
	publisher="Elsevier"
}

@article{barrachina2019dynamic,
	title="{Dynamic Channel Bonding in Spatially Distributed High-Density WLANs}",
	author="Barrachina-Mu{\~n}oz, Sergio and Wilhelmi, Francesc and Bellalta, Boris",
	journal="IEEE Transactions on Mobile Computing",
	year="2019",
	publisher="IEEE"
}

@article{bellalta2019ap,
	title="{AP-initiated multi-user transmissions in IEEE 802.11 ax WLANs}",
	author="Bellalta, Boris and Kosek-Szott, Katarzyna",
	journal="Ad Hoc Networks",
	volume="85",
	pages="145--159",
	year="2019",
	publisher="Elsevier"
}

@article{khorov2018tutorial,
	title="{A Tutorial on IEEE 802.11 ax High Efficiency WLANs}",
	author="Khorov, Evgeny and Kiryanov, Anton and Lyakhov, Andrey and Bianchi, Giuseppe",
	journal="IEEE Communications Surveys \& Tutorials",
	year="2018",
	publisher="IEEE"
}

@inproceedings{barrachina2019komondor,
	title="{Komondor: a Wireless Network Simulator for Next-Generation High-Density WLANs}",
	author="Barrachina-Mu{\~n}oz, Sergio and Wilhelmi, Francesc and Selinis, Ioannis and Bellalta, Boris",
	booktitle="2019 Wireless Days (WD)",
	pages="1--8",
	year="2019",
	organization="IEEE"
}


@article{chau2017effective,
	title="{Effective static and adaptive carrier sensing for dense wireless CSMA networks}",
	author="Chau, Chi-Kin and Ho, Ivan WH and Situ, Zhenhui and Liew, Soung Chang and Zhang, Jialiang",
	journal="IEEE Transactions on Mobile Computing",
	volume="16",
	number="2",
	pages="355--366",
	year="2017",
	publisher="IEEE"
}

@inproceedings{merlin2009methods,
	title="{Methods for improving medium reuse in IEEE 802.11 networks}",
	author="Merlin, Simone and Abraham, Santosh",
	booktitle="Consumer Communications and Networking Conference, 2009. CCNC 2009. 6th IEEE",
	pages="1--5",
	year="2009",
	organization="IEEE"
}

@inproceedings{selinis2018control,
	title="{Control OBSS/PD Sensitivity Threshold for IEEE 802.11 ax BSS Color}",
	author="Selinis, Ioannis and Katsaros, Konstantinos and Vahid, Seiamak and Tafazolli, Rahim",
	booktitle="2018 IEEE 29th Annual International Symposium on Personal, Indoor and Mobile Radio Communications (PIMRC)",
	pages="1--7",
	year="2018",
	organization="IEEE"
}

@article{nurchis2019target,
	title="{Target wake time: scheduled access in IEEE 802.11 ax WLANs}",
	author="Nurchis, Maddalena and Bellalta, Boris",
	journal="IEEE Wireless Communications",
	volume="26",
	number="2",
	pages="142--150",
	year="2019",
	publisher="IEEE"
}

@article{dovelos2018optimal,
	title="{Optimal Resource Allocation in IEEE 802.11ax Uplink OFDMA with Scheduled Access}",
	author="Dovelos, Konstantinos and Bellalta, Boris",
	journal="arXiv preprint arXiv:1811.00957",
	year="2019"
}

@inproceedings{bankov2018ofdma,
	title="{OFDMA Uplink Scheduling in IEEE 802.11 ax Networks}",
	author="Bankov, Dmitry and Didenko, Andre and Khorov, Evgeny and Lyakhov, Andrey}",
	booktitle="2018 IEEE International Conference on Communications (ICC)",
	pages="1--6",
	year="2018",
	organization="IEEE"
}

@article{liao2016mu,
	title="{MU-MIMO MAC protocols for wireless local area networks: A survey}",
	author="Liao, Ruizhi and Bellalta, Boris and Oliver, Miquel and Niu, Zhisheng",
	journal="IEEE Communications Surveys \& Tutorials",
	volume="18",
	number="1",
	pages="162--183",
	year="2016",
	publisher="IEEE"
}

@misc{pathloss11ax,
	author="S. Merlin, et al.",
	title="{TGax Simulation Scenarios", 
	note="doc. IEEE 802.11-14/0980r16, 2016."
}

@misc{wilhelmi2019sfctm_spatial_reuse,
	author = "Wilhelmi, Francesc and Barrachina-Mu\~noz, Sergio",
	title = "{IEEE 802.11ax Single-Channel Spatial Reuse in the Spatial Flexible Continuous Time Markov Network (11axSR-SFCTMN)}",
	year = "2019",
	publisher = "GitHub",
	journal = "GitHub repository",
	howpublished = "\url{https://github.com/sergiobarra/SFCTMN}",
	commit = "a89594ee5ddbb923b368745d81bca4d9fa3c9408"
}

@inproceedings{shen2018research,
	title="{Research and Performance Evaluation of Spatial Reuse Technology for Next Generation WLAN}",
	author="Shen, Zhao and Li, Bo and Yang, Mao and Yan, Zhongjiang and Li, Xiaobo and Jin, Yi",
	booktitle="International Wireless Internet Conference",
	pages="41--51",
	year="2018",
	organization="Springer"
}