@misc{tgax2019draft,
	author="TGax",
	title="{IEEE P802.11ax/D4.0}",
	year="2019",
	pages="1-682"
}

@inproceedings{shen2018research,
	title="{Research and Performance Evaluation of Spatial Reuse Technology for Next Generation WLAN}",
	author="Shen, Zhao and Li, Bo and Yang, Mao and Yan, Zhongjiang and Li, Xiaobo and Jin, Yi",
	booktitle="International Wireless Internet Conference",
	pages="41--51",
	year="2018",
	organization="Springer"
}

@article{bellalta2016ieee,
	title="{IEEE 802.11 ax: High-efficiency WLANs}",
	author="Bellalta, Boris",
	journal="IEEE Wireless Communications",
	volume="23",
	number="1",
	pages="38--46",
	year="2016",
	publisher="IEEE"
}

@article{mori2014performance,
	title="{Performance Analysis of BSS Color and DSC}",
	author="Mori, Masahito and others",
	journal="Nov",
	volume="3",
	pages="11--14",
	year="2014"
}

@inproceedings{selinis2016evaluation,
	title="{Evaluation of the DSC algorithm and the BSS color scheme in dense cellular-like IEEE 802.11 ax deployments}",
	author="Selinis, Ioannis and Filo, Marcin and Vahid, Seiamak and Rodriguez, Jonathan and Tafazolli, Rahim",
	booktitle="Personal, Indoor, and Mobile Radio Communications (PIMRC), 2016 IEEE 27th Annual International Symposium on",
	pages="1--7",
	year="2016",
	organization="IEEE"
}

@inproceedings{selinis2017exploiting,
	title="{Exploiting the Capture Effect on DSC and BSS Color in Dense IEEE 802.11 ax Deployments}",
	author="Selinis, Ioannis and Katsaros, Konstantinos and Vahid, Seiamak and Tafazolli, Rahim",
	booktitle="Proceedings of the Workshop on ns-3",
	pages="47--54",
	year="2017",
	organization="ACM"
}

@misc{tgax2016obss_pd_evaluation,
	author="Fischer, Matthew",
	title="{Simulation-based evaluation of OBSS PD based SR default parameters, doc.: IEEE 802.11-16/1161r1}",
	year="September 2016"
}

@misc{smith2017dynamic,
	title={Dynamic sensitivity control for wireless devices},
	author={Smith, Graham Kenneth},
	year={2017},
	month=mar # "~14",
	publisher={Google Patents},
	note={US Patent 9,596,702}
}

@inproceedings{tang2011improving,
	title="{Improving throughput of wireless LANs with transmit power control and slotted channel access}",
	author="Tang, Suhua and Hasegawa, Akio and Nagareda, Riichiro and Kitaura, Akito and Shibata, Tatsuo and Obana, Sadao",
	booktitle="Personal Indoor and Mobile Radio Communications (PIMRC), 2011 IEEE 22nd International Symposium on",
	pages="834--838",
	year="2011",
	organization="IEEE"
}

@article{li2011achieving,
	title="{Achieving proportional fairness via AP power control in multi-rate WLANs}",
	author="Li, Wei and Cui, Yong and Cheng, Xiuzhen and Al-Rodhaan, Mznah A and Al-Dhelaan, Abdullah",
	journal="IEEE Transactions on Wireless Communications",
	volume="10",
	number="11",
	pages="3784--3792",
	year="2011",
	publisher="IEEE"
}

@article{chevillat2005dynamic,
	title="{Dynamic data rate and transmit power adjustment in IEEE 802.11 wireless LANs}",
	author="Chevillat, Pierre and Jelitto, Jens and Truong, Hong Linh",
	journal="International Journal of Wireless Information Networks",
	volume="12",
	number="3",
	pages="123--145",
	year="2005",
	publisher="Springer"
}

@inproceedings{nakahira2014centralized,
	title="{Centralized control of carrier sense threshold and channel bandwidth in high-density WLANs}",
	author="Nakahira, Toshiro and Ishihara, Koichi and Asai, Yusuke and Takatori, Yasushi and Kudo, Riichi and Mizoguchi, Masato",
	booktitle="Microwave Conference (APMC), 2014 Asia-Pacific",
	pages="570--572",
	year="2014",
	organization="IEEE"
}

@inproceedings{afaqui2015evaluation,
	title="{Evaluation of dynamic sensitivity control algorithm for IEEE 802.11 ax}",
	author="Afaqui, M Shahwaiz and Garcia-Villegas, Eduard and Lopez-Aguilera, Elena and Smith, Graham and Camps, Daniel",
	booktitle="Wireless Communications and Networking Conference (WCNC), 2015 IEEE",
	pages="1060--1065",
	year="2015",
	organization="IEEE"
}

@inproceedings{kulkarni2015taming,
	title="{Taming the densification challenge in next generation wireless LANs: An investigation into the use of dynamic sensitivity control}",
	author="Kulkarni, Parag and Cao, Fengming",
	booktitle="Wireless and Mobile Computing, Networking and Communications (WiMob), 2015 IEEE 11th International Conference on",
	pages="860--867",
	year="2015",
	organization="IEEE"
}

@article{jamil2016novel,
	title="{Novel learning-based spatial reuse optimization in dense WLAN deployments}",
	author="Jamil, Imad and Cariou, Laurent and H{\'e}lard, Jean-Fran"\c"c"ois",
	journal="EURASIP Journal on Wireless Communications and Networking",
	volume="2016",
	number="1",
	pages="184",
	year="2016",
	publisher="SpringerOpen"
}

@inproceedings{afaqui2016dynamic,
	title="{Dynamic sensitivity control of access points for IEEE 802.11 ax}",
	author="Afaqui, M Shahwaiz and Garcia-Villegas, Eduard and Lopez-Aguilera, Elena and Camps-Mur, Daniel",
	booktitle="Communications (ICC), 2016 IEEE International Conference on",
	pages="1--7",
	year="2016",
	organization="IEEE"
}

@article{wilhelmi2019collaborative,
	title="{Collaborative spatial reuse in wireless networks via selfish multi-armed bandits}",
	author="Wilhelmi, Francesc and Cano, Cristina and Neu, Gergely and Bellalta, Boris and Jonsson, Anders and Barrachina-Mu{\~n}oz, Sergio",
	journal="Ad Hoc Networks",
	volume="88",
	pages="129--141",
	year="2019",
	publisher="Elsevier"
}

@incollection{bellalta2014throughput,
	title="{Throughput analysis in CSMA/CA networks using continuous time Markov networks: a tutorial}",
	author="Bellalta, Boris and Zocca, Alessandro and Cano, Cristina and Checco, Alessandro and Barcelo, Jaume and Vinel, Alexey",
	booktitle="Wireless Networking for Moving Objects",
	pages="115--133",
	year="2014",
	publisher="Springer"
}

@article{wilhelmi2019potential,
	title="{Potential and pitfalls of multi-armed bandits for decentralized spatial reuse in WLANs}",
	author="Wilhelmi, Francesc and Barrachina-Mu{\~n}oz, Sergio and Bellalta, Boris and Cano, Cristina and Jonsson, Anders and Neu, Gergely",
	journal="Journal of Network and Computer Applications",
	volume="127",
	pages="26--42",
	year="2019",
	publisher="Elsevier"
}

@inproceedings{zhou2005balancing,
	title="{Balancing the hidden and exposed node problems with power control in CSMA/CA-based wireless networks}",
	author="Zhou, Yihong and Nettles, Scott M",
	booktitle="Wireless Communications and Networking Conference, 2005 IEEE",
	volume="2",
	pages="683--688",
	year="2005",
	organization="IEEE"
}

@article{rhode2017whitepaper,
	title="{1MA222: IEEE 802.11ax Technology Introduction}",
	author="Lisa Ward",
	journal="Rhode \& Schwarz. White paper 10.2016 - 1MA222\_0e",
	year="2017"
}

@article{afaqui2016ieee,
	title="{IEEE 802.11 ax: Challenges and requirements for future high efficiency WiFi}",
	author="Afaqui, M Shahwaiz and Villegas, EG and Aguilera, EL",
	journal="IEEE Wireless Communications",
	volume="99",
	pages="2--9",
	year="2016"
}

@article{qu2018survey,
	title={Survey and performance evaluation of the upcoming next generation {WLANs} standard-{IEEE} 802.11 ax},
	author={Qu, Qiao and Li, Bo and Yang, Mao and Yan, Zhongjiang and Yang, Annan and Deng, Der-Jiunn and Chen, Kwang-Cheng},
	journal={Mobile Networks and Applications},
	volume={24},
	number={5},
	pages={1461--1474},
	year={2019},
	publisher={Springer}
}

@article{barrachina2019dynamic,
	title="{Dynamic Channel Bonding in Spatially Distributed High-Density WLANs}",
	author="Barrachina-Mu{\~n}oz, Sergio and Wilhelmi, Francesc and Bellalta, Boris",
	journal="IEEE Transactions on Mobile Computing",
	year="2019",
	publisher="IEEE"
}

@article{bellalta2019ap,
	title="{AP-initiated multi-user transmissions in IEEE 802.11 ax WLANs}",
	author="Bellalta, Boris and Kosek-Szott, Katarzyna",
	journal="Ad Hoc Networks",
	volume="85",
	pages="145--159",
	year="2019",
	publisher="Elsevier"
}

@article{khorov2018tutorial,
	title="{A Tutorial on IEEE 802.11 ax High Efficiency WLANs}",
	author="Khorov, Evgeny and Kiryanov, Anton and Lyakhov, Andrey and Bianchi, Giuseppe",
	journal="IEEE Communications Surveys \& Tutorials",
	year="2018",
	publisher="IEEE"
}

@inproceedings{barrachina2019komondor,
	title="{Komondor: a Wireless Network Simulator for Next-Generation High-Density WLANs}",
	author="Barrachina-Mu{\~n}oz, Sergio and Wilhelmi, Francesc and Selinis, Ioannis and Bellalta, Boris",
	booktitle="2019 Wireless Days (WD)",
	pages="1--8",
	year="2019",
	organization="IEEE"
}


@article{chau2017effective,
	title="{Effective static and adaptive carrier sensing for dense wireless CSMA networks}",
	author="Chau, Chi-Kin and Ho, Ivan WH and Situ, Zhenhui and Liew, Soung Chang and Zhang, Jialiang",
	journal="IEEE Transactions on Mobile Computing",
	volume="16",
	number="2",
	pages="355--366",
	year="2017",
	publisher="IEEE"
}

@inproceedings{merlin2009methods,
	title="{Methods for improving medium reuse in IEEE 802.11 networks}",
	author="Merlin, Simone and Abraham, Santosh",
	booktitle="Consumer Communications and Networking Conference, 2009. CCNC 2009. 6th IEEE",
	pages="1--5",
	year="2009",
	organization="IEEE"
}

@inproceedings{selinis2018control,
	title="{Control OBSS/PD Sensitivity Threshold for IEEE 802.11 ax BSS Color}",
	author="Selinis, Ioannis and Katsaros, Konstantinos and Vahid, Seiamak and Tafazolli, Rahim",
	booktitle="2018 IEEE 29th Annual International Symposium on Personal, Indoor and Mobile Radio Communications (PIMRC)",
	pages="1--7",
	year="2018",
	organization="IEEE"
}

@article{nurchis2019target,
	title="{Target wake time: scheduled access in IEEE 802.11 ax WLANs}",
	author="Nurchis, Maddalena and Bellalta, Boris",
	journal="IEEE Wireless Communications",
	volume="26",
	number="2",
	pages="142--150",
	year="2019",
	publisher="IEEE"
}

@article{dovelos2018optimal,
	title="{Optimal Resource Allocation in IEEE 802.11ax Uplink OFDMA with Scheduled Access}",
	author="Dovelos, Konstantinos and Bellalta, Boris",
	journal="arXiv preprint arXiv:1811.00957",
	year="2019"
}

@inproceedings{bankov2018ofdma,
	title="{OFDMA Uplink Scheduling in IEEE 802.11 ax Networks}",
	author="Bankov, Dmitry and Didenko, Andre and Khorov, Evgeny and Lyakhov, Andrey",
	booktitle="2018 IEEE International Conference on Communications (ICC)",
	pages="1--6",
	year="2018",
	organization="IEEE"
}

@article{liao2016mu,
	title="{MU-MIMO MAC protocols for wireless local area networks: A survey}",
	author="Liao, Ruizhi and Bellalta, Boris and Oliver, Miquel and Niu, Zhisheng",
	journal="IEEE Communications Surveys \& Tutorials",
	volume="18",
	number="1",
	pages="162--183",
	year="2016",
	publisher="IEEE"
}

@article{pathloss11ax,
	title={TGax simulation scenarios},
	author={Merlin, Simone and Barriac, G and Sampath, H and others},
	journal={IEEE802},
	pages={11--14},
	year={2015}
}

@misc{wilhelmi2019sfctm_spatial_reuse,
	author = "Wilhelmi, Francesc and Barrachina-Mu\~noz, Sergio",
	title = "{IEEE 802.11ax Single-Channel Spatial Reuse in the Spatial Flexible Continuous Time Markov Network (11axSR-SFCTMN)}",
	year = "2019",
	publisher = "GitHub",
	journal = "GitHub repository",
	howpublished = "\url{https://github.com/sergiobarra/SFCTMN}",
	commit = "a89594ee5ddbb923b368745d81bca4d9fa3c9408"
}

@article{gupta2000capacity,
	title={The capacity of wireless networks},
	author={Gupta, Piyush and Kumar, Panganmala R},
	journal={IEEE Transactions on information theory},
	volume={46},
	number={2},
	pages={388--404},
	year={2000},
	publisher={IEEE}
}

@inproceedings{guo2003spatial,
	title={Spatial reuse in wireless ad-hoc networks},
	author={Guo, Xingang and Roy, Sumit and Conner, W Steven},
	booktitle={2003 IEEE 58th Vehicular Technology Conference. VTC 2003-Fall (IEEE Cat. No. 03CH37484)},
	volume={3},
	pages={1437--1442},
	year={2003},
	organization={IEEE}
}

@inproceedings{mhatre2007interference,
	title={Interference mitigation through power control in high density 802.11 WLANs},
	author={Mhatre, Vivek P and Papagiannaki, Konstantina and Baccelli, Francois},
	booktitle={IEEE INFOCOM 2007-26th IEEE International Conference on Computer Communications},
	pages={535--543},
	year={2007},
	organization={IEEE}
}

@article{iwata2019stochastic,
	title={Stochastic Geometry Analysis of Individual Carrier Sense Threshold Adaptation in IEEE 802.11 ax WLANs},
	author={Iwata, Motoki and Yamamoto, Koji and Yin, Bo and Nishio, Takayuki and Morikura, Masahiro and Abeysekera, Hirantha},
	journal={IEEE Access},
	volume={7},
	pages={161916--161927},
	year={2019},
	publisher={IEEE}
}

@inproceedings{zhao2016stochastic,
	title={On stochastic geometry analysis of dense WLAN with dynamic carrier sense threshold and rate control},
	author={Zhao, Xiaoguang and Wen, Xiangming and Lei, Tao and Lu, Zhaoming and Zhang, Biao},
	booktitle={2016 19th International Symposium on Wireless Personal Multimedia Communications (WPMC)},
	pages={211--216},
	year={2016},
	organization={IEEE}
}

@inproceedings{zhang2015stochastic,
	title={On stochastic geometry modeling of WLAN capacity with dynamic sensitive control},
	author={Zhang, Zhiwei and Li, Yunzhou and Huang, Kaizhi and Liang, Chen},
	booktitle={2015 13th International Symposium on Modeling and Optimization in Mobile, Ad Hoc, and Wireless Networks (WiOpt)},
	pages={78--83},
	year={2015},
	organization={IEEE}
}

@article{long2007non,
	title={Non-cooperative power control for wireless ad hoc networks with repeated games},
	author={Long, Chengnian and Zhang, Qian and Li, Bo and Yang, Huilong and Guan, Xinping},
	journal={IEEE Journal on Selected Areas in Communications},
	volume={25},
	number={6},
	pages={1101--1112},
	year={2007},
	publisher={IEEE}
}

@article{naddafzadeh2010distributed,
	title={Distributed reinforcement learning frameworks for cooperative retransmission in wireless networks},
	author={Naddafzadeh-Shirazi, Ghasem and Kong, Peng-Yong and Tham, Chen-Khong},
	journal={IEEE Transactions on Vehicular Technology},
	volume={59},
	number={8},
	pages={4157--4162},
	year={2010},
	publisher={IEEE}
}

@article{zhou2011reinforcement,
	title={Reinforcement learning for repeated power control game in cognitive radio networks},
	author={Zhou, Pan and Chang, Yusun and Copeland, John A},
	journal={IEEE Journal on Selected Areas in Communications},
	volume={30},
	number={1},
	pages={54--69},
	year={2011},
	publisher={IEEE}
}

@inproceedings{ghadimi2017reinforcement,
	title={A reinforcement learning approach to power control and rate adaptation in cellular networks},
	author={Ghadimi, Euhanna and Calabrese, Francesco Davide and Peters, Gunnar and Soldati, Pablo},
	booktitle={2017 IEEE International Conference on Communications (ICC)},
	pages={1--7},
	year={2017},
	organization={IEEE}
}

@inproceedings{lee2007experimental,
	title={An experimental study on the capture effect in 802.11 a networks},
	author={Lee, Jeongkeun and Kim, Wonho and Lee, Sung-Ju and Jo, Daehyung and Ryu, Jiho and Kwon, Taekyoung and Choi, Yanghee},
	booktitle={Proceedings of the second ACM international workshop on Wireless network testbeds, experimental evaluation and characterization},
	pages={19--26},
	year={2007}
}

@inproceedings{durvy2007modeling,
	title={Modeling the 802.11 protocol under different capture and sensing capabilities},
	author={Durvy, Mathilde and Dousse, Olivier and Thiran, Patrick},
	booktitle={IEEE INFOCOM 2007-26th IEEE International Conference on Computer Communications},
	pages={2356--2360},
	year={2007},
	organization={IEEE}
}

@article{bellalta2016throughput,
	title={Throughput analysis in high density {WLANs}},
	author={Bellalta, Boris},
	journal={IEEE Communications Letters},
	volume={21},
	number={3},
	pages={592--595},
	year={2016},
	publisher={IEEE}
}

@inproceedings{ropitault2018evaluation,
	title={Evaluation of {RTOT} algorithm: A first implementation of {OBSS\_PD}-based {SR} method for {IEEE 802.11} ax},
	author={Ropitault, Tanguy},
	booktitle={2018 15th IEEE Annual Consumer Communications \& Networking Conference (CCNC)},
	pages={1--7},
	year={2018},
	organization={IEEE}
}

@article{zhu2004adapting,
	title={Adapting physical carrier sensing to maximize spatial reuse in 802.11 mesh networks},
	author={Zhu, Jing and Guo, Xingang and Lily Yang, L and Steven Conner, W and Roy, Sumit and Hazra, Mousumi M},
	journal={wireless communications and mobile computing},
	volume={4},
	number={8},
	pages={933--946},
	year={2004},
	publisher={Wiley Online Library}
}

@article{union2015imt,
	title={IMT traffic estimates for the years 2020 to 2030},
	author={Union, IT},
	journal={Report ITU},
	pages={2370--0},
	year={2015}
}

@article{barrachina2019overlap,
	title={To overlap or not to overlap: Enabling channel bonding in high-density {WLANs}},
	author={Barrachina-Mu{\~n}oz, Sergio and Wilhelmi, Francesc and Bellalta, Boris},
	journal={Computer Networks},
	volume={152},
	pages={40--53},
	year={2019},
	publisher={Elsevier}
}

@inproceedings{nguyen2007stochastic,
	title={A stochastic geometry analysis of dense IEEE 802.11 networks},
	author={Nguyen, Huu Quynh and Baccelli, Fran{\c{c}}ois and Kofman, Daniel},
	booktitle={IEEE INFOCOM 2007-26th IEEE International Conference on Computer Communications},
	pages={1199--1207},
	year={2007},
	organization={IEEE}
}

@article{liew2010back,
	title={Back-of-the-envelope computation of throughput distributions in CSMA wireless networks},
	author={Liew, Soung Chang and Kai, Cai Hong and Leung, Hang Ching and Wong, Piu},
	journal={IEEE Transactions on Mobile Computing},
	volume={9},
	number={9},
	pages={1319--1331},
	year={2010},
	publisher={IEEE}
}

@article{michaloliakos2016performance,
	title={Performance modeling of next-generation WiFi networks},
	author={Michaloliakos, Antonios and Rogalin, Ryan and Zhang, Yonglong and Psounis, Konstantinos and Caire, Giuseppe},
	journal={Computer Networks},
	volume={105},
	pages={150--165},
	year={2016},
	publisher={Elsevier}
}